<record><leader>00000cas a22000007a 4500</leader><controlfield tag="001">28051957</controlfield><controlfield tag="008">930505d18801880caudn ne      0    0eng d</controlfield><datafield ind1=" " ind2=" " tag="010"><subfield code="a">sn 93052608 </subfield></datafield><datafield ind1=" " ind2=" " tag="040"><subfield code="a">CUY</subfield><subfield code="b">eng</subfield><subfield code="c">CNK</subfield><subfield code="d">OCLCQ</subfield></datafield><datafield ind1=" " ind2=" " tag="042"><subfield code="a">msc</subfield></datafield><datafield ind1="0" ind2="0" tag="245"><subfield code="a">Bodie standard-news.</subfield></datafield><datafield ind1=" " ind2=" " tag="260"><subfield code="a">Bodie, Cal. :</subfield><subfield code="b">S.F. Hoole</subfield></datafield><datafield ind1=" " ind2=" " tag="300"><subfield code="a">v.</subfield></datafield><datafield ind1=" " ind2=" " tag="310"><subfield code="a">Daily (except Sun.)</subfield></datafield><datafield ind1="0" ind2=" " tag="362"><subfield code="a">Vol. 6 [i.e. 4], no. 15 (July 21, 1880)-</subfield></datafield><datafield ind1="1" ind2=" " tag="362"><subfield code="a">Ceased in Dec. 1880.</subfield></datafield><datafield ind1=" " ind2="4" tag="651"><subfield code="a">Bodie (Calif.)</subfield><subfield code="v">Newspapers.</subfield></datafield><datafield ind1=" " ind2=" " tag="752"><subfield code="a">United States</subfield><subfield code="b">California</subfield><subfield code="c">Mono</subfield><subfield code="d">Bodie.</subfield></datafield><datafield ind1="0" ind2=" " tag="775"><subfield code="t">Weekly standard-news</subfield><subfield code="w">(DLC)sn 93052612</subfield></datafield><datafield ind1="0" ind2="4" tag="780"><subfield code="t">Daily Bodie standard</subfield><subfield code="w">(DLC)sn 92070154</subfield></datafield><datafield ind1="0" ind2="4" tag="780"><subfield code="t">Bodie daily news</subfield><subfield code="w">(DLC)sn 93052607</subfield></datafield><datafield ind1="0" ind2="0" tag="785"><subfield code="t">Standard-news (Bodie, Calif.)</subfield><subfield code="w">(DLC)sn 93052613</subfield></datafield><datafield ind1="1" ind2=" " tag="029"><subfield code="a">AU@</subfield><subfield code="b">000020734417</subfield></datafield></record>